@online{einsum_ir,
  title  = {Einsum Trees: An Abstraction for Optimizing the Execution of Tensor Expressions},
  author = {Breuer and Blacher and Engel and Giesen and Heinecke and Klaus and Remke},
  note   = {preprint (personal communication)}
}

@misc{megatronLM,
  title         = {Efficient Large-Scale Language Model Training on GPU Clusters Using Megatron-LM},
  author        = {Deepak Narayanan and Mohammad Shoeybi and Jared Casper and Patrick LeGresley and Mostofa Patwary and Vijay Anand Korthikanti and Dmitri Vainbrand and Prethvi Kashinkunti and Julie Bernauer and Bryan Catanzaro and Amar Phanishayee and Matei Zaharia},
  year          = {2021},
  eprint        = {2104.04473},
  archiveprefix = {arXiv},
  primaryclass  = {cs.CL},
  url           = {https://arxiv.org/abs/2104.04473}
}

@online{einsum_is_all_you_need,
  title   = {Einsum is All you Need - Einstein Summation in Deep Learning},
  url     = {https://rockt.github.io/2018/04/30/einsum},
  author  = {Rockt√§schel, Tim},
  urldate = {2025-01-16}
}

@incollection{pytorch,
  title     = {PyTorch: An Imperative Style, High-Performance Deep Learning Library},
  author    = {Paszke, Adam and Gross, Sam and Massa, Francisco and Lerer, Adam and Bradbury, James and Chanan, Gregory and Killeen, Trevor and Lin, Zeming and Gimelshein, Natalia and Antiga, Luca and Desmaison, Alban and Kopf, Andreas and Yang, Edward and DeVito, Zachary and Raison, Martin and Tejani, Alykhan and Chilamkurthy, Sasank and Steiner, Benoit and Fang, Lu and Bai, Junjie and Chintala, Soumith},
  booktitle = {Advances in Neural Information Processing Systems 32},
  pages     = {8024--8035},
  year      = {2019},
  publisher = {Curran Associates, Inc.},
  url       = {http://papers.neurips.cc/paper/9015-pytorch-an-imperative-style-high-performance-deep-learning-library.pdf}
}

@inproceedings{torch,
  title     = {Torch7: A Matlab-like Environment for Machine Learning},
  author    = {R. Collobert and K. Kavukcuoglu and C. Farabet},
  booktitle = {BigLearn, NIPS Workshop},
  year      = {2011}
} 

@book{openMP,
  title     = {Parallel programming in OpenMP},
  author    = {Chandra, Rohit and Dagum, Leo and Kohr, David and Menon, Ramesh and Maydan, Dror and McDonald, Jeff},
  year      = {2001},
  publisher = {Morgan kaufmann}
}
@misc{tensorflow,
  title  = { {TensorFlow}: Large-Scale Machine Learning on Heterogeneous Systems},
  url    = {https://www.tensorflow.org/},
  note   = {Software available from tensorflow.org},
  author = {
            Mart\'{i}n~Abadi and
            Ashish~Agarwal and
            Paul~Barham and
            Eugene~Brevdo and
            Zhifeng~Chen and
            Craig~Citro and
            Greg~S.~Corrado and
            Andy~Davis and
            Jeffrey~Dean and
            Matthieu~Devin and
            Sanjay~Ghemawat and
            Ian~Goodfellow and
            Andrew~Harp and
            Geoffrey~Irving and
            Michael~Isard and
            Yangqing Jia and
            Rafal~Jozefowicz and
            Lukasz~Kaiser and
            Manjunath~Kudlur and
            Josh~Levenberg and
            Dandelion~Man\'{e} and
            Rajat~Monga and
            Sherry~Moore and
            Derek~Murray and
            Chris~Olah and
            Mike~Schuster and
            Jonathon~Shlens and
            Benoit~Steiner and
            Ilya~Sutskever and
            Kunal~Talwar and
            Paul~Tucker and
            Vincent~Vanhoucke and
            Vijay~Vasudevan and
            Fernanda~Vi\'{e}gas and
            Oriol~Vinyals and
            Pete~Warden and
            Martin~Wattenberg and
            Martin~Wicke and
            Yuan~Yu and
            Xiaoqiang~Zheng},
  year   = {2015}
}

@article{matplotlib,
  author    = {Hunter, J. D.},
  title     = {Matplotlib: A 2D graphics environment},
  journal   = {Computing in Science \& Engineering},
  volume    = {9},
  number    = {3},
  pages     = {90--95},
  abstract  = {Matplotlib is a 2D graphics package used for Python for
               application development, interactive scripting, and publication-quality
               image generation across user interfaces and operating systems.},
  publisher = {IEEE COMPUTER SOC},
  doi       = {10.1109/MCSE.2007.55},
  year      = 2007
}

@article{numpy,
  title     = {Array programming with {NumPy}},
  author    = {Charles R. Harris and K. Jarrod Millman and St{\'{e}}fan J.
               van der Walt and Ralf Gommers and Pauli Virtanen and David
               Cournapeau and Eric Wieser and Julian Taylor and Sebastian
               Berg and Nathaniel J. Smith and Robert Kern and Matti Picus
               and Stephan Hoyer and Marten H. van Kerkwijk and Matthew
               Brett and Allan Haldane and Jaime Fern{\'{a}}ndez del
               R{\'{i}}o and Mark Wiebe and Pearu Peterson and Pierre
               G{\'{e}}rard-Marchant and Kevin Sheppard and Tyler Reddy and
               Warren Weckesser and Hameer Abbasi and Christoph Gohlke and
               Travis E. Oliphant},
  year      = {2020},
  month     = sep,
  journal   = {Nature},
  volume    = {585},
  number    = {7825},
  pages     = {357--362},
  doi       = {10.1038/s41586-020-2649-2},
  publisher = {Springer Science and Business Media {LLC}},
  url       = {https://doi.org/10.1038/s41586-020-2649-2}
}

