@online{einsum_ir,
  title   = {einsum\_ir},
  url     = {https://github.com/scalable-analyses/einsum_ir},
  author  = {Breuer, Alexander and Engel, Max and Remke, Stefan},
  urldate = {2025-01-16}
}